@misc{aaapackagedev,
  title = {AAAPackageDev},
  year = {2014},
  publisher = {GitHub},
  journal = {GitHub repository},
  url = {https://github.com/SublimeText/AAAPackageDev/},
  urldate = {2014-02-24},
  commit = {e746486b883cf14da8142629f0ecb51517be047b}
}


@article{mcdermott1998pddl,
  title={PDDL-the planning domain definition language},
  author={McDermott, Drew and Ghallab, Malik and Howe, Adele and Knoblock, Craig and Ram, Ashwin and Veloso, Manuela and Weld, Daniel and Wilkins, David},
  year={1998}
}



@online{kosako,
  author = {K. Kosako},
  title = {Oniguruma Regular Expressions Version 5.9.1},
  year = {2007},
  url = {http://www.geocities.jp/kosako3/oniguruma/doc/RE.txt},
  urldate = {2014-02-24},
  file = {:/home/pold/.mozilla/firefox/0qmrim0b.default/zotero/storage/H9XTXWXS/RE.txt:text/plain}
}

@manual{textmate,
  author = {MacroMates Ltd.},
  title = {TextMate 2 Manual},
  year = {2013},
  url = {http://manual.macromates.com/en/},
  urldate = {2014-02-24},
}

@misc{sublimetext2,
  title = {Sublime Text 2},
  note = {Release 2.0.2},
  author = {Jon Skinner},
  year = {2013},
  howpublished = {\url{http://www.sublimetext.com/2}}
}

@misc{sublimetext3,
  title = {Sublime Text 3},
  note = {Beta Build 3059},
  author = {Jon Skinner},
  year = {2013},
  howpublished = {\url{http://www.sublimetext.com/3}}
}

@misc{ace,
  title = {Ace - The High Performance Code Editor for the Web},
  shorttitle = {Ace},
  year = {2014},
  url = {http://ace.c9.io/}
}


@misc{sublimepddl,
  title = {Sublime PDDL}
  year = {2013 - 2014},
  url = {http://pold87.github.io/sublime-pddl}
}
