
@misc{aaapackagedev,
  title = {AAAPackageDev},
  year = {2014},
  publisher = {GitHub},
  journal = {GitHub repository},
  url = {https://github.com/SublimeText/AAAPackageDev/},
  urldate = {2014-02-24},
  commit = {e746486b883cf14da8142629f0ecb51517be047b}
}


@article{mcdermott1998pddl,
  title={PDDL-the planning domain definition language},
  author={McDermott, Drew and Ghallab, Malik and Howe, Adele and Knoblock, Craig and Ram, Ashwin and Veloso, Manuela and Weld, Daniel and Wilkins, David},
  year={1998}
}

@article{fox2003pddl2,
  title={PDDL2. 1: An Extension to PDDL for Expressing Temporal Planning Domains.},
  author={Fox, Maria and Long, Derek},
  journal={J. Artif. Intell. Res.(JAIR)},
  volume={20},
  pages={61--124},
  year={2003}
}


@online{kosako,
  author = {K. Kosako},
  title = {Oniguruma Regular Expressions Version 5.9.1},
  year = {2007},
  url = {http://www.geocities.jp/kosako3/oniguruma/doc/RE.txt},
  urldate = {2014-02-24},
  file = {:/home/pold/.mozilla/firefox/0qmrim0b.default/zotero/storage/H9XTXWXS/RE.txt:text/plain}
}

@manual{textmate,
  author = {MacroMates Ltd.},
  title = {TextMate 2 Manual},
  year = {2013},
  url = {http://manual.macromates.com/en/},
  urldate = {2014-02-24},
}

@misc{sublimetext2,
  title = {Sublime Text 2},
  note = {Release 2.0.2},
  author = {Jon Skinner},
  year = {2013},
  howpublished = {\url{http://www.sublimetext.com/2}}
}

@misc{sublimetext3,
  title = {Sublime Text 3},
  note = {Beta Build 3059},
  author = {Jon Skinner},
  year = {2013},
  howpublished = {\url{http://www.sublimetext.com/3}}
}

@misc{ace,
  title = {Ace - The High Performance Code Editor for the Web},
  shorttitle = {Ace},
  year = {2014},
  url = {http://ace.c9.io/}
}


@misc{sublimepddl,
  title = {Sublime PDDL},
  year = {2013 - 2014},
  url = {http://pold87.github.io/sublime-pddl}
}

% PDDL 2.1 Basic introduction + BNF notation
@article{fox2003pddl2,
  title={PDDL2. 1: An Extension to PDDL for Expressing Temporal Planning Domains.},
  author={Fox, Maria and Long, Derek},
  journal={J. Artif. Intell. Res.(JAIR)},
  volume={20},
  pages={61--124},
  year={2003}
}

% PDDL 3.1 BNF Notation (UNPUBLISHED!)
@article{kovacs2011bnf,
  title={BNF definition of PDDL 3.1},
  author={Kovacs, DL},
  journal={Unpublished manuscript from the IPC-2011 website},
  year={2011}
}


@misc{pddl3.1,
  title = {PDDL 3.1},
  url = {http://ipc.informatik.uni-freiburg.de/PddlExtension}
}

@inproceedings{parkinson2012increasing,
  title={Increasing the Numeric Expressiveness of the Planning Domain Definition Language},
  author={Parkinson, Simon and Longstaff, Andrew P},
  booktitle={Proceedings of The 30th Workshop of the UK Planning and Scheduling Special Interest Group (PlanSIG2012)},
  year={2012},
  organization={UK Planning and Scheduling Special Interest Group}
}

% This is just a video presentation!
@article{plch2012inspect,
  title={Inspect, edit and debug pddl documents: Simply and efficiently with pddl studio},
  author={Plch, Tomas and Chomut, Miroslav and Brom, Cyril and Bart{\'a}k, Roman},
  journal={and Exhibits},
  pages={15},
  year={2012}
}

@article{chomuttool,
  title={Tool for editing PDDL projects},
  author={Chomut, Miroslav},
  year={2012},
  pages={plch},
  organization={Charles University in Prague },
}

@inproceedings{li2012translating,
  title={Translating pddl into csp\#-the pat approach},
  author={Li, Yi and Sun, Jing and Dong, Jin Song and Liu, Yang and Sun, Jun},
  booktitle={Engineering of Complex Computer Systems (ICECCS), 2012 17th International Conference on},
  pages={240--249},
  year={2012},
  organization={IEEE}
}

% See if there is a better paper
@inproceedings{hickey2008clojure,
  title={The Clojure programming language},
  author={Hickey, Rich},
  booktitle={Proceedings of the 2008 symposium on Dynamic languages},
  year={2008},
  organization={ACM}
}

@inproceedings{hsu2008sgplan,
  title={The sgplan planning system in ipc-6},
  author={Hsu, Chih-Wei and Wah, Benjamin W},
  booktitle={Proceedings of IPC},
  year={2008}
}

@book{feigenbaum1983fifth,
  title={The fifth generation},
  author={Feigenbaum, Edward A and McCorduck, Pamela},
  year={1983},
  publisher={Addison-Wesley Reading}
}

@article{kohler1924mentality,
  title={The mentality of apes.},
  author={KÃ¶hler, Wolfgang},
  year={1924},
  publisher={Harcourt, Brace}
}

@inproceedings{howey2004val,
  title={VAL: Automatic plan validation, continuous effects and mixed initiative planning using PDDL},
  author={Howey, Richard and Long, Derek and Fox, Maria},
  booktitle={Tools with Artificial Intelligence, 2004. ICTAI 2004. 16th IEEE International Conference on},
  pages={294--301},
  year={2004},
  organization={IEEE}
}

@article{glinsky2011visplan,
  title={VisPlan--Interactive Visualisation and Verification of Plans},
  author={Glinsk{\`y}, Radoslav and Bart{\'a}k, Roman},
  journal={KEPS 2011},
  pages={134},
  year={2011}
}

@article{kovacs2011bnf,
  title={BNF definition of PDDL 3.1},
  author={Kovacs, DL},
  journal={Unpublished manuscript from the IPC-2011 website},
  year={2011}
}

@incollection{tonidandel2006reading,
  title={Reading PDDL, writing an object-oriented model},
  author={Tonidandel, Flavio and Vaquero, Tiago Stegun and Silva, Jos{\'e} Reinaldo},
  booktitle={Advances in Artificial Intelligence-IBERAMIA-SBIA 2006},
  pages={532--541},
  year={2006},
  publisher={Springer}
}

@article{zhuo2010learning,
  title={Learning complex action models with quantifiers and logical implications},
  author={Zhuo, Hankz Hankui and Yang, Qiang and Hu, Derek Hao and Li, Lei},
  journal={Artificial Intelligence},
  volume={174},
  number={18},
  pages={1540--1569},
  year={2010},
  publisher={Elsevier}
}


@inproceedings{ilghami2005extension,
  title={An extension to PDDL: Actions with embedded code calls},
  author={Ilghami, Okhtay and Murdock, J William},
  booktitle={Proceedings of the ICAPS 2005 Workshop on Plan Execution: A Reality Check},
  pages={84--86},
  year={2005}
}

@article{shah2013knowledge,
  title={Knowledge engineering tools in planning: State-of-the-art and future challenges},
  author={Shah, MMS and Chrpa, L and Jimoh, F and Kitchin, D and McCluskey, TL and Parkinson, S and Vallati, M},
  journal={Knowledge Engineering for Planning and Scheduling},
  pages={53},
  year={2013}
}

@book{konar1999artificial,
  title={Artificial intelligence and soft computing: behavioral and cognitive modeling of the human brain},
  author={Konar, Amit},
  volume={1},
  year={1999},
  publisher={CRC press}
}

@online{keps2014,
  title = {WS 5: Knowledge Engineering for Planning and Scheduling
                  (KEPS)},
  year = {2014},
  url = {http://icaps14.icaps-conference.org/workshops_tutorials/keps.html},
  urldate = {2014-04-03},
}

@article{akerkar2012intelligent,
  title={Intelligent Systems: Perspectives and Research Challenges},
  author={Akerkar, Rajendra},
  journal={CSI Communications},
  pages={5},
  year={2012},
  publisher={Citeseer}
}

@book{helmert2008understanding,
  title={Understanding planning tasks: domain complexity and heuristic decomposition},
  author={Helmert, Malte},
  volume={4929},
  year={2008},
  publisher={Springer}
}

@article{wickler2011using,
  title={Using planning domain features to facilitate knowledge engineering},
  author={Wickler, Gerhard},
  journal={KEPS 2011},
  pages={39},
  year={2011}
}

@manual{visstudio,
  title={Visual Studio},
  author = {Microsoft},
  url={http://msdn.microsoft.com/query/dev10.query?appId=Dev10IDEF1&l=EN-US&k=k(MSDNSTART)&rd=true},
  urldate = {2014-04-03}
}
  

@online{umllatest,
  title={UML 2.4.1},
  url={http://www.omg.org/spec/UML/2.4.1/},
  urldate = {2014-04-03}
}

@book{booch1999unified,
  title={The unified modeling language user guide},
  author={Booch, Grady and Rumbaugh, James and Jacobson, Ivar},
  year={1999},
  publisher={Pearson Education India}
}

@article{vaquero2005itsimple,
  title={The itSIMPLE tool for modeling planning domains},
  author={Vaquero, Tiago Stegun and Tonidandel, Flavio and Silva, Jos{\'e} Reinaldo},
  journal={Proceedings of the First International Competition on Knowledge Engineering for AI Planning, Monterey, Califormia, USA},
  year={2005}
}

@inproceedings{vaquero2006use,
  title={On the Use of UML. P for Modeling a Real Application as a Planning Problem.},
  author={Vaquero, Tiago Stegun and Tonidandel, Flavio and de Barros, Leliane Nunes and Silva, Jos{\'e} Reinaldo},
  booktitle={ICAPS},
  pages={434--437},
  year={2006}
}

@inproceedings{vaquero2012itsimple4,
  title={itSIMPLE4. 0: Enhancing the modeling experience of planning problems},
  author={Vaquero, TS and Tonaco, Rosimarci and Costa, Gustavo and Tonidandel, Flavio and Silva, Jos{\'e} Reinaldo and Beck, J Christopher},
  booktitle={System Demonstration--Proceedings of the 22nd International Conference on Automated Planning \& Scheduling (ICAPS-12)},
  year={2012}
}

@online{itsimpleonline,
  author={Vaquero, TS and Tonaco, Rosimarci and Costa, Gustavo and
                  Tonidandel, Flavio and Silva, Jos{\'e} Reinaldo and
                  Beck, J Christopher},
  url = {https://code.google.com/p/itsimple/downloads/list},
  urldate = {2014-04-03}
}

@book{stallman1981emacs,
  title={EMACS the extensible, customizable self-documenting display editor},
  author={Stallman, Richard M},
  volume={16},
  number={6},
  year={1981},
  publisher={ACM}
}

@online{pddlmode,
  title={Emacs mode for PDDL},
  author={Surendra Singhi},
  year = {2005},
  url = {http://rakaposhi.eas.asu.edu/planning-list-mailarchive/msg00085.html},
  urldate= {2014-04-03}
}

@article{miara1983program,
  title={Program indentation and comprehensibility},
  author={Miara, Richard J and Musselman, Joyce A and Navarro, Juan A and Shneiderman, Ben},
  journal={Communications of the ACM},
  volume={26},
  number={11},
  pages={861--867},
  year={1983},
  publisher={ACM}
}

@article{gill1951diagnosis,
  title={The Diagnosis of Mistakes in Programmes on the EDSAC},
  author={Gill, Stanley},
  journal={Proceedings of the Royal Society of London. Series A. Mathematical and Physical Sciences},
  volume={206},
  number={1087},
  pages={538--554},
  year={1951},
  publisher={The Royal Society}
}

@article{edelkamp2004pddl2,
  title={PDDL2. 2: The language for the classical part of the 4th international planning competition},
  author={Edelkamp, Stefan and Hoffmann, J{\"o}rg},
  journal={4th International Planning Competition (IPCâ04), at ICAPSâ04},
  year={2004}
}

@book{polya2008solve,
  title={How to solve it: A new aspect of mathematical method},
  author={Polya, George},
  year={2008},
  publisher={Princeton university press}
}

@article{goldman2012type,
  title={âType Problem in Domain Description!â or, Outsidersâ Suggestions for PDDL Improvement},
  author={Goldman, Robert P and Keller, Peter},
  journal={WS-IPC 2012},
  pages={43},
  year={2012}
}

@article{lindholm2011virtual,
  title={Virtual Machine Specification},
  author={Lindholm, Tim and Yellin, Frank and Bracha, Gilad},
  year={2011}
}

@inproceedings{hui2003requirements,
  title={Requirements analysis for customizable software: A goals-skills-preferences framework},
  author={Hui, Bowen and Liaskos, Sotirios and Mylopoulos, John},
  booktitle={Requirements Engineering Conference, 2003. Proceedings. 11th IEEE International},
  pages={117--126},
  year={2003},
  organization={IEEE}
}

@inproceedings{storey2005use,
  title={On the use of visualization to support awareness of human activities in software development: a survey and a framework},
  author={Storey, Margaret-Anne D and {\v{C}}ubrani{\'c}, Davor and German, Daniel M},
  booktitle={Proceedings of the 2005 ACM symposium on Software visualization},
  pages={193--202},
  year={2005},
  organization={ACM}
}

@article{zhuo2010learning,
  title={Learning complex action models with quantifiers and logical implications},
  author={Zhuo, Hankz Hankui and Yang, Qiang and Hu, Derek Hao and Li, Lei},
  journal={Artificial Intelligence},
  volume={174},
  number={18},
  pages={1540--1569},
  year={2010},
  publisher={Elsevier}
}

@article{guerin2012academic,
  title={The academic advising planning domain},
  author={Guerin, Joshua T and Hanna, Josiah P and Ferland, Libby and Mattei, Nicholas and Goldsmith, Judy},
  journal={WS-IPC 2012},
  pages={1},
  year={2012}
}


@inproceedings{ellson2002graphviz,
  title={Graphvizâopen source graph drawing tools},
  author={Ellson, John and Gansner, Emden and Koutsofios, Lefteris and North, Stephen C and Woodhull, Gordon},
  booktitle={Graph Drawing},
  pages={483--484},
  year={2002},
  organization={Springer}
}

@inproceedings{shah2013exploring,
  title={Exploring knowledge engineering strategies in designing and modelling a road traffic accident management domain},
  author={Shah, Mohammad M and Chrpa, Luk{\'a}{\v{s}} and Kitchin, Diane and McCluskey, Thomas L and Vallati, Mauro},
  booktitle={Proceedings of the Twenty-Third international joint conference on Artificial Intelligence},
  pages={2373--2379},
  year={2013},
  organization={AAAI Press}
}

@book{lewis1990gnu,
  title={GNU Emacs Lisp Reference Manual},
  author={Lewis, Bil and LaLiberte, Daniel and Stallman, Richard},
  year={1990},
  publisher={Free Software Foundation Cambridge, MA}
}

@article{brooke1996sus,
  title={SUS-A quick and dirty usability scale},
  author={Brooke, John},
  journal={Usability evaluation in industry},
  volume={189},
  pages={194},
  year={1996},
  publisher={London: Taylor \& Francis}
}

@article{nielsen1994estimating,
  title={Estimating the number of subjects needed for a thinking aloud test},
  author={Nielsen, Jakob},
  journal={International journal of human-computer studies},
  volume={41},
  number={3},
  pages={385--397},
  year={1994},
  publisher={Elsevier}
}

@inproceedings{nielsen1990heuristic,
  title={Heuristic evaluation of user interfaces},
  author={Nielsen, Jakob and Molich, Rolf},
  booktitle={Proceedings of the SIGCHI conference on Human factors in computing systems},
  pages={249--256},
  year={1990},
  organization={ACM}
}

@article{virzi1992refining,
  title={Refining the test phase of usability evaluation: how many subjects is enough?},
  author={Virzi, Robert A},
  journal={Human Factors: The Journal of the Human Factors and Ergonomics Society},
  volume={34},
  number={4},
  pages={457--468},
  year={1992},
  publisher={SAGE Publications}
}

@article{faulkner2003beyond,
  title={Beyond the five-user assumption: Benefits of increased sample sizes in usability testing},
  author={Faulkner, Laura},
  journal={Behavior Research Methods, Instruments, \& Computers},
  volume={35},
  number={3},
  pages={379--383},
  year={2003},
  publisher={Springer}
}

@article{hwang2010number,
  title={Number of people required for usability evaluation: the 10$\pm$2 rule},
  author={Hwang, Wonil and Salvendy, Gavriel},
  journal={Communications of the ACM},
  volume={53},
  number={5},
  pages={130--133},
  year={2010},
  publisher={ACM}
}

@online{gruber2004markdown,
  title={Markdown},
  author={Gruber, John},
  url={http://daringfireball.net/projects/markdown/},
  year={2004}
}

@article{reijers2011syntax,
  title={Syntax highlighting in business process models},
  author={Reijers, Hajo A and Freytag, Thomas and Mendling, Jan and Eckleder, Andreas},
  journal={Decision Support Systems},
  volume={51},
  number={3},
  pages={339--349},
  year={2011},
  publisher={Elsevier}
}

@article{goolkasian2000pictures,
  title={Pictures, words, and sounds: From which format are we best able to Reason?},
  author={Goolkasian, Paula},
  journal={The Journal of General Psychology},
  volume={127},
  number={4},
  pages={439--459},
  year={2000},
  publisher={Taylor \& Francis}
}

@book{johnson2000gui,
  title={GUI bloopers: don'ts and do's for software developers and Web designers},
  author={Johnson, Jeff},
  year={2000},
  publisher={Morgan Kaufmann}
}

@misc{felleisen2010design,
  title={How to Design Classes (Draft)},
  author={Felleisen, Matthias and Flatt, Matthew and Findler, Robert Bruce and Gray, Kathryn E and Krishnamurthi, Shriram and Proulx, V},
  year={2010}
}

@inproceedings{gronniger2007textbased,
  title={Text-based Modeling},
  author={Gr{\"o}nniger, Hans and Krahn, Holger and Rumpe, Bernhard and Schindler, Martin and V{\"o}lkel, Steven},
  booktitle={4th International Workshop on Software Language Engineering},
  year={2007}
}

@online{stpackage,
  url = {https://sublime.wbond.net/about},
  author = {Will Bond},
  year = {2013}
}

@inproceedings{bibai2008dae,
  title={DAE: Planning as Artificial Evolution--(Deterministic part)},
  author={Bibai, Jacques and Sav{\'e}ant, Pierre and Schoenauer, Marc and Vidal, Vincent and others},
  booktitle={The sixth international planning competition (IPC-6)},
  year={2008}
}

@book{sauro2012quantifying,
  title={Quantifying the user experience: Practical statistics for user research},
  author={Sauro, Jeff and Lewis, James R},
  year={2012},
  publisher={Elsevier}
}

@article{bangor2008empirical,
  title={An empirical evaluation of the system usability scale},
  author={Bangor, Aaron and Kortum, Philip T and Miller, James T},
  journal={Intl. Journal of Human--Computer Interaction},
  volume={24},
  number={6},
  pages={574--594},
  year={2008},
  publisher={Taylor \& Francis}
}

@book{sauro2011practical,
  title={A practical guide to the system usability scale: Background, benchmarks \& best practices},
  author={Sauro, Jeff},
  year={2011},
  publisher={Measuring Usability LCC}
}

@article{nelson1976pictorial,
  title={Pictorial superiority effect.},
  author={Nelson, Douglas L and Reed, Valerie S and Walling, John R},
  journal={Journal of Experimental Psychology: Human Learning and Memory},
  volume={2},
  number={5},
  pages={523},
  year={1976},
  publisher={American Psychological Association}
}

@article{reijers2011syntax,
  title={Syntax highlighting in business process models},
  author={Reijers, Hajo A and Freytag, Thomas and Mendling, Jan and Eckleder, Andreas},
  journal={Decision Support Systems},
  volume={51},
  number={3},
  pages={339--349},
  year={2011},
  publisher={Elsevier}
}